

@article{luo2012,
  title={A framework for benchmarking land models},
  author={Luo, YQ and Randerson, James T and Abramowitz, G and Bacour, C and Blyth, E and Carvalhais, Nuno and Ciais, Philippe and Dalmonech, Daniela and Fisher, Joshua B and Fisher, Rosie and others},
  journal={Biogeosciences},
  volume={9},
  number={10},
  year={2012}
}

@techreport{collier2016,
  title={International Land Model Benchmarking (ILAMB) Package v002. 00},
  author={Collier, Nathaniel and Hoffman, Forrest M and Mu, Mingquan and Randerson, James T and Riley, William J},
  year={2016},
  institution={BGCF-DATA (Biogeochemistry (BGC) Feedbacks)}
}

@article{meehl2014,
  title={Climate model intercomparisons: Preparing for the next phase},
  author={Meehl, Gerald A and Moss, Richard and Taylor, Karl E and Eyring, Veronika and Stouffer, Ronald J and Bony, Sandrine and Stevens, Bjorn},
  journal={Eos, Transactions American Geophysical Union},
  volume={95},
  number={9},
  pages={77--78},
  year={2014},
  publisher={Wiley Online Library}
}

@article{wright2004,
  title={The worldwide leaf economics spectrum},
  author={Wright, Ian J and Reich, Peter B and Westoby, Mark and Ackerly, David D and Baruch, Zdravko and Bongers, Frans and Cavender-Bares, Jeannine and Chapin, Terry and Cornelissen, Johannes HC and Diemer, Matthias and others},
  journal={Nature},
  volume={428},
  number={6985},
  pages={821},
  year={2004},
  publisher={Nature Publishing Group}
}


@article{dekauwe2014,
  title={Where does the carbon go? A model--data intercomparison of vegetation carbon allocation and turnover processes at two temperate forest free-air CO2 enrichment sites},
  author={de Kauwe, Martin G and Medlyn, Belinda E and Zaehle, S{\"o}nke and Walker, Anthony P and Dietze, Michael C and Wang, Ying-Ping and Luo, Yiqi and Jain, Atul K and El-Masri, Bassil and Hickler, Thomas and others},
  journal={New Phytologist},
  volume={203},
  number={3},
  pages={883--899},
  year={2014},
  publisher={Wiley Online Library}
}

@article{fer2018,
  title={Linking big models to big data: efficient ecosystem model calibration through Bayesian model emulation},
  author={Fer, Istem and Kelly, Ryan and Moorcroft, Paul R and Richardson, Andrew D and Cowdery, Elizabeth M and Dietze, Michael C},
  journal={Biogeosciences},
  volume={15},
  number={19},
  pages={5801--5830},
  year={2018},
  publisher={Copernicus GmbH}
}

@incollection{vitousek2002,
  title={Towards an ecological understanding of biological nitrogen fixation},
  author={Vitousek, Peter M and Cassman, KEN and Cleveland, Cory and Crews, Tim and Field, Christopher B and Grimm, Nancy B and Howarth, Robert W and Marino, Roxanne and Martinelli, Luiz and Rastetter, Edward B and others},
  booktitle={The Nitrogen Cycle at Regional to Global Scales},
  pages={1--45},
  year={2002},
  publisher={Springer}
}


@article{brzostek2014,
  title={Modeling the carbon cost of plant nitrogen acquisition: Mycorrhizal trade-offs and multipath resistance uptake improve predictions of retranslocation},
  author={Brzostek, Edward R and Fisher, Joshua B and Phillips, Richard P},
  journal={Journal of Geophysical Research: Biogeosciences},
  volume={119},
  number={8},
  pages={1684--1697},
  year={2014},
  publisher={Wiley Online Library}
}

@article{walker2014,
  title={Comprehensive ecosystem model-data synthesis using multiple data sets at two temperate forest free-air CO2 enrichment experiments: Model performance at ambient CO2 concentration},
  author={Walker, Anthony P and Hanson, Paul J and De Kauwe, Martin G and Medlyn, Belinda E and Zaehle, S{\"o}nke and Asao, Shinichi and Dietze, Michael and Hickler, Thomas and Huntingford, Chris and Iversen, Colleen M and others},
  journal={Journal of Geophysical Research: Biogeosciences},
  volume={119},
  number={5},
  pages={937--964},
  year={2014},
  publisher={Wiley Online Library}
}


@article{fisher2010fun,
  title={Carbon cost of plant nitrogen acquisition: A mechanistic, globally applicable model of plant nitrogen uptake, retranslocation, and fixation},
  author={Fisher, JB and Sitch, S and Malhi, Y and Fisher, RA and Huntingford, C and Tan, S-Y},
  journal={Global Biogeochemical Cycles},
  volume={24},
  number={1},
  year={2010},
  publisher={Wiley Online Library}
}

@article{ali2016,
  title={A global scale mechanistic model of photosynthetic capacity (LUNA V1. 0)},
  author={Ali, Ashehad A and Xu, Chonggang and Rogers, Alistair and Fisher, Rosie A and Wullschleger, Stan D and Massoud, EC and Vrugt, Jasper A and Muss, Jordan D and McDowell, NG and Fisher, JB and others},
  journal={Geoscientific Model Development},
  volume={9},
  number={2},
  pages={587},
  year={2016},
  publisher={Copernicus GmbH}
}

@article{shi2016,
  title={Carbon cost of plant nitrogen acquisition: global carbon cycle impact from an improved plant nitrogen cycle in the Community Land Model},
  author={Shi, Mingjie and Fisher, Joshua B and Brzostek, Edward R and Phillips, Richard P},
  journal={Global change biology},
  volume={22},
  number={3},
  pages={1299--1314},
  year={2016},
  publisher={Wiley Online Library}
}


@article{zaehle2014,
  title={Evaluation of 11 terrestrial carbon--nitrogen cycle models against observations from two temperate Free-Air CO2 Enrichment studies},
  author={Zaehle, S{\"o}nke and Medlyn, Belinda E and De Kauwe, Martin G and Walker, Anthony P and Dietze, Michael C and Hickler, Thomas and Luo, Yiqi and Wang, Ying-Ping and El-Masri, Bassil and Thornton, Peter and others},
  journal={New Phytologist},
  volume={202},
  number={3},
  pages={803--822},
  year={2014},
  publisher={Wiley Online Library}
}


@article{dekauwe2015,
  title={A test of an optimal stomatal conductance scheme within the CABLE land surface model},
  author={De Kauwe, Martin G and Kala, Jatin and Lin, Yan-Shih and Pitman, Andrew J and Medlyn, Belinda E and Duursma, Remko A and Abramowitz, Gab and Wang, YP and Miralles, Diego G},
  journal={Geoscientific Model Development},
  volume={8},
  number={2},
  pages={431},
  year={2015},
  publisher={Copernicus GmbH}
}

@article{kauwe2013,
  title={Forest water use and water use efficiency at elevated CO2: a model-data intercomparison at two contrasting temperate forest FACE sites},
  author={Kauwe, Martin G and Medlyn, Belinda E and Zaehle, S{\"o}nke and Walker, Anthony P and Dietze, Michael C and Hickler, Thomas and Jain, Atul K and Luo, Yiqi and Parton, William J and Prentice, I Colin and others},
  journal={Global Change Biology},
  volume={19},
  number={6},
  pages={1759--1779},
  year={2013},
  publisher={Wiley Online Library}
}


@article{atkin2015,
  title={Global variability in leaf respiration in relation to climate, plant functional types and leaf traits},
  author={Atkin, Owen K and Bloomfield, Keith J and Reich, Peter B and Tjoelker, Mark G and Asner, Gregory P and Bonal, Damien and B{\"o}nisch, Gerhard and Bradford, Matt and Cernusak, Lucas A and Cosio, Eric G and others},
  journal={New Phytologist},
  year={2015},
  publisher={Wiley Online Library}
}



@article{medlyn2011,
  title={Reconciling the optimal and empirical approaches to modelling stomatal conductance},
  author={Medlyn, Belinda E and Duursma, Remko A and Eamus, Derek and Ellsworth, David S and Prentice, I Colin and Barton, Craig VM and Crous, Kristine Y and de Angelis, Paolo and Freeman, Michael and Wingate, Lisa},
  journal={Global Change Biology},
  volume={17},
  number={6},
  pages={2134--2144},
  year={2011},
  publisher={Wiley Online Library}
}


@article{kattge2011,
  title={TRY--a global database of plant traits},
  author={Kattge, Jens and Diaz, Sandra and Lavorel, Sandra and Prentice, IC and Leadley, P and B{\"o}nisch, G and Garnier, Eric and Westoby, Mark and Reich, Peter B and Wright, IJ and others},
  journal={Global change biology},
  volume={17},
  number={9},
  pages={2905--2935},
  year={2011},
  publisher={Wiley Online Library}
}



@article{lawrence2011,
  title={Parameterization improvements and functional and structural advances in version 4 of the Community Land Model},
  author={Lawrence, David M and Oleson, Keith W and Flanner, Mark G and Thornton, Peter E and Swenson, Sean C and Lawrence, Peter J and Zeng, Xubin and Yang, Zong-Liang and Levis, Samuel and Sakaguchi, Koichi and others},
  journal={Journal of Advances in Modeling Earth Systems},
  volume={3},
  number={1},
  year={2011},
  publisher={Wiley Online Library}
}

@article{thomas2014,
  title={A model using marginal efficiency of investment to analyse carbon and nitrogen interactions in terrestrial ecosystems (ACONITE Version 1)},
  author={Thomas, RQ and Williams, M},
  journal={Geoscientific Model Development Discussions},
  volume={7},
  number={2},
  pages={2525--2580},
  year={2014},
  publisher={Copernicus GmbH}
}


@article{keenan2009,
  title={Improved understanding of drought controls on seasonal variation in Mediterranean forest canopy CO2 and water fluxes through combined in situ measurements and ecosystem modelling},
  author={Keenan, Trevor and Garcia, R and Friend, AD and Zaehle, S{\"o}nke and Gracia, Carles and Sabat{\'e} i Jorba, Santi},
  journal={Biogeosciences, 2009, vol. 6, p. 1423-1444},
  year={2009},
  publisher={European Geosciences Union}
}

@article{niinemets1998,
  title={Stoichiometry of foliar carbon constituents varies along light gradients in temperate woody canopies: implications for foliage morphological plasticity},
  author={Niinemets, {\"U}lo and Kull, Olevi},
  journal={Tree Physiology},
  volume={18},
  number={7},
  pages={467--479},
  year={1998},
  publisher={Heron Publishing}
}

@article{rogers2017,
  title={A roadmap for improving the representation of photosynthesis in Earth system models},
  author={Rogers, Alistair and Medlyn, Belinda E and Dukes, Jeffrey S and Bonan, Gordon and Caemmerer, Susanne and Dietze, Michael C and Kattge, Jens and Leakey, Andrew DB and Mercado, Lina M and Niinemets, {\"U}lo and others},
  journal={New Phytologist},
  volume={213},
  number={1},
  pages={22--42},
  year={2017},
  publisher={Wiley Online Library}
}

@article{walker2017,
  title={The impact of alternative trait-scaling hypotheses for the maximum photosynthetic carboxylation rate (Vcmax) on global gross primary production},
  author={Walker, Anthony P and Quaife, Tristan and Bodegom, Peter M and De Kauwe, Martin G and Keenan, Trevor F and Joiner, Joanna and Lomas, Mark R and MacBean, Natasha and Xu, Chongang and Yang, Xiaojuan and others},
  journal={New Phytologist},
  volume={215},
  number={4},
  pages={1370--1386},
  year={2017},
  publisher={Wiley Online Library}
}

@article{hikosaka2005,
  title={Temperature acclimation of photosynthesis: mechanisms involved in the changes in temperature dependence of photosynthetic rate},
  author={Hikosaka, Kouki and Ishikawa, Kazumasa and Borjigidai, Almaz and Muller, Onno and Onoda, Yusuke},
  journal={Journal of experimental botany},
  volume={57},
  number={2},
  pages={291--302},
  year={2005},
  publisher={Oxford University Press}
}

@article{ainsworth2007,
  title={The response of photosynthesis and stomatal conductance to rising [CO2]: mechanisms and environmental interactions},
  author={Ainsworth, Elizabeth A and Rogers, Alistair},
  journal={Plant, cell \& environment},
  volume={30},
  number={3},
  pages={258--270},
  year={2007},
  publisher={Wiley Online Library}
}


@article{zaehle2010,
  title={Carbon and nitrogen cycle dynamics in the O-CN land surface model: 1. Model description, site-scale evaluation, and sensitivity to parameter estimates},
  author={Zaehle, S{\"o}nke and Friend, AD},
  journal={Global Biogeochemical Cycles},
  volume={24},
  number={1},
  year={2010},
  publisher={Wiley Online Library}
}

@article{goll2012,
  title={Nutrient limitation reduces land carbon uptake in simulations with a model of combined carbon, nitrogen and phosphorus cycling},
  author={Goll, DS and Brovkin, Victor and Parida, BR and Reick, Christian H and Kattge, Jens and Reich, PB and Van Bodegom, PM and Niinemets, {\"U}},
  journal={Biogeosciences},
  volume={9},
  number={9},
  pages={3547--3569},
  year={2012},
  publisher={Copernicus GmbH}
}


@article{medlyn2015using,
  title={Using ecosystem experiments to improve vegetation models},
  author={Medlyn, Belinda E and Zaehle, S{\"o}nke and De Kauwe, Martin G and Walker, Anthony P and Dietze, Michael C and Hanson, Paul J and Hickler, Thomas and Jain, Atul K and Luo, Yiqi and Parton, William and others},
  journal={Nature Climate Change},
  volume={5},
  number={6},
  pages={528},
  year={2015},
  publisher={Nature Publishing Group}
}

@article{ghimire2016,
  title={Representing leaf and root physiological traits in CLM improves global carbon and nitrogen cycling predictions},
  author={Ghimire, Bardan and Riley, William J and Koven, Charles D and Mu, Mingquan and Randerson, James T},
  journal={Journal of Advances in Modeling Earth Systems},
  volume={8},
  number={2},
  pages={598--613},
  year={2016},
  publisher={Wiley Online Library}
}





@article{vanwijk2003,
  title={Luxury consumption of soil nutrients: a possible competitive strategy in above-ground and below-ground biomass allocation and root morphology for slow-growing arctic vegetation?},
  author={Van Wijk, MT and Williams, M and Gough, L and Hobbie, SE and Shaver, GR},
  journal={Journal of Ecology},
  volume={91},
  number={4},
  pages={664--676},
  year={2003},
  publisher={Wiley Online Library}
}
@article{anten2011,
  title={Is analysing the nitrogen use at the plant canopy level a matter of choosing the right optimization criterion?},
  author={Anten, Niels PR and During, Heinjo J},
  journal={Oecologia},
  volume={167},
  number={2},
  pages={293--303},
  year={2011},
  publisher={Springer}
}

@article{mcmurtrie2013,
  title={New insights into carbon allocation by trees from the hypothesis that annual wood production is maximized},
  author={McMurtrie, Ross E and Dewar, Roderick C},
  journal={New Phytologist},
  volume={199},
  number={4},
  pages={981--990},
  year={2013},
  publisher={Wiley Online Library}
}

@article{franklin2012,
  title={Modeling carbon allocation in trees: a search for principles},
  author={Franklin, Oskar and Johansson, Jacob and Dewar, Roderick C and Dieckmann, Ulf and McMurtrie, Ross E and Br{\"a}nnstr{\"o}m, {\AA}ke and Dybzinski, Ray},
  journal={Tree Physiology},
  pages={tpr138},
  year={2012},
  publisher={Oxford University Press}
}

@article{fisher2007,
  title={The response of an Eastern Amazonian rain forest to drought stress: results and modelling analyses from a throughfall exclusion experiment},
  author={Fisher, RA and Williams, M and COSTA, Da and Lola, A and Malhi, Y and Da COSTA, RF and ALMEIDA, S and Meir, P},
  journal={Global Change Biology},
  volume={13},
  number={11},
  pages={2361--2378},
  year={2007},
  publisher={Wiley Online Library}
}


@article{vanbodegom2014,
  title={A fully traits-based approach to modeling global vegetation distribution},
  author={van Bodegom, Peter M and Douma, Jacob C and Verheijen, Lieneke M},
  journal={Proceedings of the National Academy of Sciences},
  volume={111},
  number={38},
  pages={13733--13738},
  year={2014},
  publisher={National Acad Sciences}
}




@article{wright2005,
  title={Modulation of leaf economic traits and trait relationships by climate},
  author={Wright, Ian J and Reich, Peter B and Cornelissen, Johannes HC and Falster, Daniel S and Groom, Philip K and Hikosaka, Kouki and Lee, William and Lusk, Christopher H and Niinemets, {\"U}lo and Oleksyn, Jacek and others},
  journal={Global Ecology and Biogeography},
  volume={14},
  number={5},
  pages={411--421},
  year={2005},
  publisher={Wiley Online Library}
}
=

@article{xu2012,
  title={Toward a mechanistic modeling of nitrogen limitation on vegetation dynamics},
  author={Xu, Chonggang and Fisher, Rosie and Wullschleger, Stan D and Wilson, Cathy J and Cai, Michael and McDowell, Nate G},
  journal={PloS one},
  volume={7},
  number={5},
  pages={e37914},
  year={2012},
  publisher={Public Library of Science}
}


@article{kattge2009,
  title={Quantifying photosynthetic capacity and its relationship to leaf nitrogen content for global-scale terrestrial biosphere models},
  author={Kattge, Jens and Knorr, Wolfgang and Raddatz, Thomas and Wirth, Christian},
  journal={Global Change Biology},
  volume={15},
  number={4},
  pages={976--991},
  year={2009},
  publisher={Wiley Online Library}
}


@article{lawrence2018,
  title={The Community Land Model, version 5},
  author={Lawrence, David  },
  journal={Journal of Advances in Earth Sytem Modeling},
}

@article{hickler2008,
  title={CO2 fertilization in temperate FACE experiments not representative of boreal and tropical forests},
  author={Hickler, Thomas and Smith, Benjamin and Prentice, I Colin and Mj{\"o}fors, Kristina and Miller, Paul and Arneth, Almut and Sykes, Martin T},
  journal={Global Change Biology},
  volume={14},
  number={7},
  pages={1531--1542},
  year={2008},
  publisher={Wiley Online Library}
}

@article{arora2013,
  title={Carbon--concentration and carbon--climate feedbacks in CMIP5 Earth system models},
  author={Arora, Vivek K and Boer, George J and Friedlingstein, Pierre and Eby, Michael and Jones, Chris D and Christian, James R and Bonan, Gordon and Bopp, Laurent and Brovkin, Victor and Cadule, Patricia and others},
  journal={Journal of Climate},
  volume={26},
  number={15},
  pages={5289--5314},
  year={2013}
}

@article{friedlingstein2014,
  title={Uncertainties in CMIP5 climate projections due to carbon cycle feedbacks},
  author={Friedlingstein, Pierre and Meinshausen, Malte and Arora, Vivek K and Jones, Chris D and Anav, Alessandro and Liddicoat, Spencer K and Knutti, Reto},
  journal={Journal of Climate},
  volume={27},
  number={2},
  pages={511--526},
  year={2014}
}

@article{friedlingstein2006,
  title={Climate-carbon cycle feedback analysis: Results from the C4MIP model intercomparison},
  author={Friedlingstein, Pierre and Cox, Peter and Betts, R and Bopp, Laurent and Von Bloh, W and Brovkin, Victor and Cadule, P and Doney, S and Eby, Michael and Fung, I and others},
  journal={Journal of Climate},
  volume={19},
  number={14},
  pages={3337--3353},
  year={2006}
}

@article{friedlingstein1999,
  title={Toward an allocation scheme for global terrestrial carbon models},
  author={Friedlingstein, Pierre and Joel, G and Field, CB and Fung, IY},
  journal={Global Change Biology},
  volume={5},
  number={7},
  pages={755--770},
  year={1999},
  publisher={Wiley Online Library}
}

@article{bonan2012,
  title={Reconciling leaf physiological traits and canopy flux data: Use of the TRY and FLUXNET databases in the Community Land Model version 4},
  author={Bonan, Gordon B and Oleson, Keith W and Fisher, Rosie A and Lasslop, Gitta and Reichstein, Markus},
  journal={Journal of Geophysical Research: Biogeosciences (2005--2012)},
  volume={117},
  number={G2},
  year={2012},
  publisher={Wiley Online Library}
}

@article{bonan2014,
  title={Modeling stomatal conductance in the earth system: linking leaf water-use efficiency and water transport along the soil--plant--atmosphere continuum},
  author={Bonan, GB and Williams, M and Fisher, RA and Oleson, KW},
  journal={Geoscientific Model Development},
  volume={7},
  number={5},
  pages={2193--2222},
  year={2014},
  publisher={Copernicus GmbH}
}

@article{oleson2013,
  title={Technical description of version 4.5 of the Community Land Model (CLM)},
  author={Oleson, KW et al.},
  journal={Geoscientific Model Development},
  year={2013},
  publisher={Natl. Cent. for Atmos. Res}
}

@article{hurrell2013,
  title={The community earth system model: a framework for collaborative research},
  author={Hurrell, James W and Holland, MM and Gent, PR and Ghan, S and Kay, Jennifer E and Kushner, PJ and Lamarque, J-F and Large, WG and Lawrence, D and Lindsay, K and others},
  journal={Bulletin of the American Meteorological Society},
  volume={94},
  number={9},
  pages={1339--1360},
  year={2013},
  publisher={American Meteorological Society}
}

@article{koven2013,
  title={The effect of vertically resolved soil biogeochemistry and alternate soil C and N models on C dynamics of CLM4},
  author={Koven, CD and Riley, WJ and Subin, ZM and Tang, JY and Torn, MS and Collins, WD and Bonan, GB and Lawrence, DM and Swenson, SC},
  journal={Biogeosciences},
  volume={10},
  number={11},
  pages={7109},
  year={2013},
  publisher={Copernicus GmbH}
}

@article{smith2014,
  title={Implications of incorporating N cycling and N limitations on primary production in an individual-based dynamic vegetation model},
  author={Smith, Benjamin and Warlind, D and Arneth, Almut and Hickler, Thomas and Leadley, Paul and Siltberg, Joe and Zaehle, S{\"o}nke},
  journal={Biogeosciences},
  volume={11},
  pages={2027--2054},
  year={2014},
  publisher={Copernicus GmbH on behalf of the European Geosciences Union}
}

@article{trugman2016climate,
  title={Climate, soil organic layer, and nitrogen jointly drive forest development after fire in the North American boreal zone},
  author={Trugman, AT and Fenton, NJ and Bergeron, Y and Xu, X and Welp, LR and Medvigy, D},
  journal={Journal of Advances in Modeling Earth Systems},
  volume={8},
  number={3},
  pages={1180--1209},
  year={2016},
  publisher={Wiley Online Library}
}

@article{fisher2018vegetation,
  title={Vegetation demographics in Earth System Models: A review of progress and priorities},
  author={Fisher, Rosie A and Koven, Charles D and Anderegg, William RL and Christoffersen, Bradley O and Dietze, Michael C and Farrior, Caroline E and Holm, Jennifer A and Hurtt, George C and Knox, Ryan G and Lawrence, Peter J and others},
  journal={Global change biology},
  volume={24},
  number={1},
  pages={35--54},
  year={2018},
  publisher={Wiley Online Library}
}

@article{thomas2013global,
  title={Global patterns of nitrogen limitation: confronting two global biogeochemical models with observations},
  author={Thomas, R Quinn and Zaehle, S{\"o}nke and Templer, Pamela H and Goodale, Christine L},
  journal={Global change biology},
  volume={19},
  number={10},
  pages={2986--2998},
  year={2013},
  publisher={Wiley Online Library}
}

@article{wang2007,
  title={A model of biogeochemical cycles of carbon, nitrogen, and phosphorus including symbiotic nitrogen fixation and phosphatase production},
  author={Wang, Y-P and Houlton, BZ and Field, CB},
  journal={Global Biogeochemical Cycles},
  volume={21},
  number={1},
  year={2007},
  publisher={Wiley Online Library}
}


