@article{arora2006,
  title={Simulating competition and coexistence between plant functional types in a dynamic vegetation model},
  author={Arora, Vivek K and Boer, George J},
  journal={Earth Interactions},
  volume={10},
  number={10},
  pages={1--30},
  year={2006}
}

@article{xiaodong2005,
  title={FAREAST: a forest gap model to simulate dynamics and patterns of eastern Eurasian forests},
  author={Xiaodong, Yan and Shugart, HH},
  journal={Journal of Biogeography},
  volume={32},
  number={9},
  pages={1641--1658},
  year={2005},
  publisher={Wiley Online Library}
}

@article{pfeiffer2013,
  title={A model for global biomass burning in preindustrial time: LPJ-LMfire (v1. 0)},
  author={Pfeiffer, M and Spessa, A and Kaplan, JO},
  journal={Geoscientific Model Development},
  volume={6},
  number={3},
  pages={643--685},
  year={2013}
}

@article{reich2014,
  title={Biogeographic variation in evergreen conifer needle longevity and impacts on boreal forest carbon cycle projections},
  author={Reich, Peter B and Rich, Roy L and Lu, Xingjie and Wang, Ying-Ping and Oleksyn, Jacek},
  journal={Proceedings of the National Academy of Sciences},
  volume={111},
  number={38},
  pages={13703--13708},
  year={2014},
  publisher={National Acad Sciences}
}

@article{smith2007,
  title={Coordination of carbon supply and plant growth},
  author={Smith, Alison M and Stitt, Mark},
  journal={Plant, cell \& environment},
  volume={30},
  number={9},
  pages={1126--1149},
  year={2007},
  publisher={Wiley Online Library}
}

@article{nabel2014,
  title={Extrapolation methods for climate time series revisited--Spatial correlations in climatic fluctuations influence simulated tree species abundance and migration},
  author={Nabel, Julia EMS and Kirchner, James W and Zurbriggen, Natalie and Kienast, Felix and Lischke, Heike},
  journal={Ecological Complexity},
  volume={20},
  pages={315--324},
  year={2014},
  publisher={Elsevier}
}

@article{zurbriggen2014,
  title={Explicit avalanche-forest feedback simulations improve the performance of a coupled avalanche-forest model},
  author={Zurbriggen, N and Nabel, JEMS and Teich, M and Bebi, P and Lischke, H},
  journal={Ecological Complexity},
  volume={17},
  pages={56--66},
  year={2014},
  publisher={Elsevier}
}

@article{lischke2006,
  title={TreeMig: a forest-landscape model for simulating spatio-temporal patterns from stand to landscape scale},
  author={Lischke, Heike and Zimmermann, Niklaus E and Bolliger, Janine and Rickebusch, Sophie and L{\"o}ffler, Thomas J},
  journal={Ecological Modelling},
  volume={199},
  number={4},
  pages={409--420},
  year={2006},
  publisher={Elsevier}
}

@article{scherstjanoi2014,
  title={Application of a computationally efficient method to approximate gap model results with a probabilistic approach},
  author={Scherstjanoi, M and Kaplan, JO and Lischke, H},
  journal={Geoscientific Model Development Discussions},
  volume={7},
  pages={1535--1600},
  year={2014}
}

@article{chambers2012,
  title={Research Priorities for Tropical Ecosystems Under Climate Change Workshop},
  author={Chambers, Jefirey and Fisher, Rosie and Hall, Jefierson and Norby, Richard J and Wofsy, Steven C},
  year={2012}
}

@article{scherstjanoi2013,
  title={GAPPARD: a computationally efficient method of approximating gap-scale disturbance in vegetation models},
  author={Scherstjanoi, M and Kaplan, JO and Th{\"u}rig, E and Lischke, H},
  journal={Geoscientific Model Development},
  volume={6},
  number={5},
  pages={1517--1542},
  year={2013},
  publisher={Copernicus GmbH}
}

@article{joetzjer2014,
  title={Predicting the response of the Amazon rainforest to persistent drought conditions under current and future climates: a major challenge for global land surface models},
  author={Joetzjer, E and Delire, C and Douville, H and Ciais, P and Decharme, B and Fisher, R and Christoffersen, B and Calvet, JC and da Costa, ACL and Ferreira, LV and others},
  journal={Geoscientific Model Development},
  volume={7},
  number={6},
  pages={2933--2950},
  year={2014},
  publisher={Copernicus GmbH}
}

@article{christoffersen2014,
  title={Mechanisms of water supply and vegetation demand govern the seasonality and magnitude of evapotranspiration in Amazonia and Cerrado},
  author={Christoffersen, Bradley O and Restrepo-Coupe, Natalia and Arain, M Altaf and Baker, Ian T and Cestaro, Bruno P and Ciais, Phillippe and Fisher, Joshua B and Galbraith, David and Guan, Xiaodan and Gulden, Lindsey and others},
  journal={Agricultural and Forest Meteorology},
  volume={191},
  pages={33--50},
  year={2014},
  publisher={Elsevier}
}

@article{luo2012,
  title={A framework for benchmarking land models},
  author={Luo, YQ and Randerson, James T and Abramowitz, G and Bacour, C and Blyth, E and Carvalhais, Nuno and Ciais, Philippe and Dalmonech, Daniela and Fisher, Joshua B and Fisher, Rosie and others},
  journal={Biogeosciences},
  volume={9},
  number={10},
  year={2012}
}

@article{dekauwe2014,
  title={Where does the carbon go? A model--data intercomparison of vegetation carbon allocation and turnover processes at two temperate forest free-air CO2 enrichment sites},
  author={de Kauwe, Martin G and Medlyn, Belinda E and Zaehle, S{\"o}nke and Walker, Anthony P and Dietze, Michael C and Wang, Ying-Ping and Luo, Yiqi and Jain, Atul K and El-Masri, Bassil and Hickler, Thomas and others},
  journal={New Phytologist},
  volume={203},
  number={3},
  pages={883--899},
  year={2014},
  publisher={Wiley Online Library}
}

@article{brzostek2014,
  title={Modeling the carbon cost of plant nitrogen acquisition: Mycorrhizal trade-offs and multipath resistance uptake improve predictions of retranslocation},
  author={Brzostek, Edward R and Fisher, Joshua B and Phillips, Richard P},
  journal={Journal of Geophysical Research: Biogeosciences},
  volume={119},
  number={8},
  pages={1684--1697},
  year={2014},
  publisher={Wiley Online Library}
}

@article{fisher2010,
  title={Carbon cost of plant nitrogen acquisition: A mechanistic, globally applicable model of plant nitrogen uptake, retranslocation, and fixation},
  author={Fisher, JB and Sitch, S and Malhi, Y and Fisher, RA and Huntingford, C and Tan, S-Y},
  journal={Global Biogeochemical Cycles},
  volume={24},
  number={1},
  year={2010},
  publisher={Wiley Online Library}
}

@article{dahlin2012,
  title={Environmental filtering and land-use history drive patterns in biomass accumulation in a mediterranean-type landscape},
  author={Dahlin, Kyla M and Asner, Gregory P and Field, Christopher B},
  journal={Ecological Applications},
  volume={22},
  number={1},
  pages={104--118},
  year={2012},
  publisher={Eco Soc America}
}

@article{walker2014,
  title={Comprehensive ecosystem model-data synthesis using multiple data sets at two temperate forest free-air CO2 enrichment experiments: Model performance at ambient CO2 concentration},
  author={Walker, Anthony P and Hanson, Paul J and De Kauwe, Martin G and Medlyn, Belinda E and Zaehle, S{\"o}nke and Asao, Shinichi and Dietze, Michael and Hickler, Thomas and Huntingford, Chris and Iversen, Colleen M and others},
  journal={Journal of Geophysical Research: Biogeosciences},
  volume={119},
  number={5},
  pages={937--964},
  year={2014},
  publisher={Wiley Online Library}
}

@article{abramowitz2008,
  title={Evaluating the performance of land surface models},
  author={Abramowitz, Gab and Leuning, Ray and Clark, Martyn and Pitman, Andy},
  journal={Journal of climate},
  volume={21},
  number={21},
  pages={5468--5481},
  year={2008}
}

@article{fisher2010fun,
  title={Carbon cost of plant nitrogen acquisition: A mechanistic, globally applicable model of plant nitrogen uptake, retranslocation, and fixation},
  author={Fisher, JB and Sitch, S and Malhi, Y and Fisher, RA and Huntingford, C and Tan, S-Y},
  journal={Global Biogeochemical Cycles},
  volume={24},
  number={1},
  year={2010},
  publisher={Wiley Online Library}
}

@article{ali2016,
  title={A global scale mechanistic model of photosynthetic capacity (LUNA V1. 0)},
  author={Ali, Ashehad A and Xu, Chonggang and Rogers, Alistair and Fisher, Rosie A and Wullschleger, Stan D and Massoud, EC and Vrugt, Jasper A and Muss, Jordan D and McDowell, NG and Fisher, JB and others},
  journal={Geoscientific Model Development},
  volume={9},
  number={2},
  pages={587},
  year={2016},
  publisher={Copernicus GmbH}
}

@article{shi2016,
  title={Carbon cost of plant nitrogen acquisition: global carbon cycle impact from an improved plant nitrogen cycle in the Community Land Model},
  author={Shi, Mingjie and Fisher, Joshua B and Brzostek, Edward R and Phillips, Richard P},
  journal={Global change biology},
  volume={22},
  number={3},
  pages={1299--1314},
  year={2016},
  publisher={Wiley Online Library}
}

@article{brzostek2014,
  title={Modeling the carbon cost of plant nitrogen acquisition: Mycorrhizal trade-offs and multipath resistance uptake improve predictions of retranslocation},
  author={Brzostek, Edward R and Fisher, Joshua B and Phillips, Richard P},
  journal={Journal of Geophysical Research: Biogeosciences},
  volume={119},
  number={8},
  pages={1684--1697},
  year={2014},
  publisher={Wiley Online Library}
}

@article{moncrieff2015,
  title={Understanding global change impacts on South African biomes using Dynamic Vegetation Models},
  author={Moncrieff, GR and Scheiter, S and Slingsby, JA and Higgins, SI},
  journal={South African Journal of Botany},
  year={2015},
  publisher={Elsevier}
}

@article{zaehle2014,
  title={Evaluation of 11 terrestrial carbon--nitrogen cycle models against observations from two temperate Free-Air CO2 Enrichment studies},
  author={Zaehle, S{\"o}nke and Medlyn, Belinda E and De Kauwe, Martin G and Walker, Anthony P and Dietze, Michael C and Hickler, Thomas and Luo, Yiqi and Wang, Ying-Ping and El-Masri, Bassil and Thornton, Peter and others},
  journal={New Phytologist},
  volume={202},
  number={3},
  pages={803--822},
  year={2014},
  publisher={Wiley Online Library}
}

@article{kauwe2013,
  title={Forest water use and water use efficiency at elevated CO2: a model-data intercomparison at two contrasting temperate forest FACE sites},
  author={Kauwe, Martin G and Medlyn, Belinda E and Zaehle, S{\"o}nke and Walker, Anthony P and Dietze, Michael C and Hickler, Thomas and Jain, Atul K and Luo, Yiqi and Parton, William J and Prentice, I Colin and others},
  journal={Global Change Biology},
  volume={19},
  number={6},
  pages={1759--1779},
  year={2013},
  publisher={Wiley Online Library}
}

@article{dahlin2013,
  title={Environmental and community controls on plant canopy chemistry in a Mediterranean-type ecosystem},
  author={Dahlin, Kyla M and Asner, Gregory P and Field, Christopher B},
  journal={Proceedings of the National Academy of Sciences},
  volume={110},
  number={17},
  pages={6895--6900},
  year={2013},
  publisher={National Acad Sciences}
}

@article{reu2010,
  title={The role of plant functional trade-offs for biodiversity changes and biome shifts under scenarios of global climatic change},
  author={Reu, B and Zaehle, S and Proulx, R and Bohn, K and Kleidon, A and Pavlick, R and Schmidtlein, S},
  journal={Biogeosciences Discussions},
  volume={7},
  number={5},
  pages={7449--7473},
  year={2010},
  publisher={Copernicus GmbH}
}

@article{purves_pacala_2008,
  title={Predictive models of forest dynamics},
  author={Purves, Drew and Pacala, Stephen},
  journal={Science},
  volume={320},
  number={5882},
  pages={1452--1453},
  year={2008},
  publisher={American Association for the Advancement of Science}
}

@article{dewar2009,
  title={Optimal function explains forest responses to global change},
  author={Dewar, Roderick C and Franklin, Oskar and M{\"a}kel{\"a}, Annikki and McMurtrie, Ross E and Valentine, Harry T},
  journal={Bioscience},
  volume={59},
  number={2},
  pages={127--139},
  year={2009},
  publisher={Oxford University Press}
}

@article{atkin2015,
  title={Global variability in leaf respiration in relation to climate, plant functional types and leaf traits},
  author={Atkin, Owen K and Bloomfield, Keith J and Reich, Peter B and Tjoelker, Mark G and Asner, Gregory P and Bonal, Damien and B{\"o}nisch, Gerhard and Bradford, Matt and Cernusak, Lucas A and Cosio, Eric G and others},
  journal={New Phytologist},
  year={2015},
  publisher={Wiley Online Library}
}

@article{sellers1996,
  title={A revised land surface parameterization (SiB2) for atmospheric GCMs. Part II: The generation of global fields of terrestrial biophysical parameters from satellite data},
  author={Sellers, Piers J and Tucker, Compton J and Collatz, G James and Los, Sietse O and Justice, Christopher O and Dazlich, Donald A and Randall, David A},
  journal={Journal of climate},
  volume={9},
  number={4},
  pages={706--737},
  year={1996}
}

@article{collatz1992,
  title={Coupled photosynthesis-stomatal conductance model for leaves of C4 plants},
  author={Collatz, Go J and Ribas-Carbo, M and Berry, JA},
  journal={Functional Plant Biology},
  volume={19},
  number={5},
  pages={519--538},
  year={1992},
  publisher={CSIRO}
}

@article{collatz1991,
  title={Physiological and environmental regulation of stomatal conductance, photosynthesis and transpiration: a model that includes a laminar boundary layer},
  author={Collatz, G James and Ball, J Timothy and Grivet, Cyril and Berry, Joseph A},
  journal={Agricultural and Forest Meteorology},
  volume={54},
  number={2},
  pages={107--136},
  year={1991},
  publisher={Elsevier}
}

@article{farquhar1980,
  title={A biochemical model of photosynthetic CO2 assimilation in leaves of C3 species},
  author={Farquhar, GD and von Caemmerer, S von and Berry, JA},
  journal={Planta},
  volume={149},
  number={1},
  pages={78--90},
  year={1980},
  publisher={Springer}
}

@article{norman1979,
  title={Modeling the complete crop canopy},
  author={Norman, JM},
  journal={Modification of the Aerial Environment of Crops},
  pages={249--280},
  year={1979},
  publisher={American Society of Agricultural Engineers Michigan}
}

@article{sellers1985,
  title={Canopy reflectance, photosynthesis and transpiration},
  author={Sellers, Piers J},
  journal={International Journal of Remote Sensing},
  volume={6},
  number={8},
  pages={1335--1372},
  year={1985},
  publisher={Taylor \& Francis}
}

@article{kucharik1998,
  title={Measurements of branch area and adjusting leaf area index indirect measurements},
  author={Kucharik, Christopher J and Norman, John M and Gower, Stith T},
  journal={Agricultural and Forest Meteorology},
  volume={91},
  number={1},
  pages={69--88},
  year={1998},
  publisher={Elsevier}
}

@misc{byram1959,
  title={Combustion of forest fuels. In ‘Forest fire: control and use’.(Ed. KP Davis) pp. 61--89},
  author={Byram, GM},
  year={1959},
  publisher={McGraw-Hill: New York}
}

@article{peterson1986,
  title={Modeling postfire conifer mortality for long-range planning},
  author={Peterson, David L and Ryan, Kevin C},
  journal={Environmental Management},
  volume={10},
  number={6},
  pages={797--808},
  year={1986},
  publisher={Springer}
}

@article{lischke2006,
  title={Intra-specific density dependence is required to maintain species diversity in spatio-temporal forest simulations with reproduction},
  author={Lischke, Heike and L{\"o}ffler, Thomas J},
  journal={Ecological modelling},
  volume={198},
  number={3},
  pages={341--361},
  year={2006},
  publisher={Elsevier}
}

@article{foley1996,
  title={An integrated biosphere model of land surface processes, terrestrial carbon balance, and vegetation dynamics},
  author={Foley, Jonathan A and Prentice, I Colin and Ramankutty, Navin and Levis, Samuel and Pollard, David and Sitch, Steven and Haxeltine, Alex},
  journal={Global Biogeochemical Cycles},
  volume={10},
  number={4},
  pages={603--628},
  year={1996},
  publisher={Wiley Online Library}
}

@article{botta2000,
  title={A global prognostic scheme of leaf onset using satellite data},
  author={Botta, A and Viovy, N and Ciais, P and Friedlingstein, P and Monfray, Pand},
  journal={Global Change Biology},
  volume={6},
  number={7},
  pages={709--725},
  year={2000},
  publisher={Wiley Online Library}
}

@article{medlyn2011,
  title={Reconciling the optimal and empirical approaches to modelling stomatal conductance},
  author={Medlyn, Belinda E and Duursma, Remko A and Eamus, Derek and Ellsworth, David S and Prentice, I Colin and Barton, Craig VM and Crous, Kristine Y and de Angelis, Paolo and Freeman, Michael and Wingate, Lisa},
  journal={Global Change Biology},
  volume={17},
  number={6},
  pages={2134--2144},
  year={2011},
  publisher={Wiley Online Library}
}

@article{ryan1991,
  title={A simple method for estimating gross carbon budgets for vegetation in forest ecosystems},
  author={Ryan, Michael G},
  journal={Tree physiology},
  volume={9},
  number={1-2},
  pages={255--266},
  year={1991},
  publisher={Oxford University Press}
}

@article{asner2003,
  title={Global synthesis of leaf area index observations: implications for ecological and remote sensing studies},
  author={Asner, Gregory P and Scurlock, Jonathan MO and A Hicke, Jeffrey},
  journal={Global Ecology and Biogeography},
  volume={12},
  number={3},
  pages={191--205},
  year={2003},
  publisher={Wiley Online Library}
}

@article{pappas2015,
  title={The role of local scale heterogeneities in terrestrial ecosystem modeling},
  author={Pappas, Christoforos and Fatichi, Simone and Rimkus, Stefan and Burlando, Paolo and Huber, Markus O},
  journal={Journal of Geophysical Research: Biogeosciences},
  year={2015},
  publisher={Wiley Online Library}
}

@article{fyllas2014,
  title={Analysing Amazonian forest productivity using a new individual and trait-based model (TFS v. 1)},
  author={Fyllas, NM and Gloor, E and Mercado, LM and Sitch, S and Quesada, CA and Domingues, TF and Galbraith, DR and Torre-Lezama, A and Vilanova, E and Ram{\'\i}rez-Angulo, H and others},
  journal={Geoscientific Model Development},
  volume={7},
  number={4},
  pages={1251--1269},
  year={2014},
  publisher={Copernicus GmbH}
}

@article{lichstein2011,
  title={Local diversity in heterogeneous landscapes: quantitative assessment with a height-structured forest metacommunity model},
  author={Lichstein, Jeremy W and Pacala, Stephen W},
  journal={Theoretical Ecology},
  volume={4},
  number={2},
  pages={269--281},
  year={2011},
  publisher={Springer}
}

@article{weng2014,
  title={Scaling from individuals to ecosystems in an Earth System Model using a mathematically tractable model of height-structured competition for light},
  author={Weng, ES and Malyshev, S and Lichstein, JW and Farrior, CE and Dybzinski, R and Zhang, T and Shevliakova, E and Pacala, SW},
  journal={Biogeosciences Discussions},
  volume={11},
  number={12},
  pages={17757--17860},
  year={2014},
  publisher={Copernicus GmbH}
}
@article{fyllas2014,
  title={Analysing Amazonian forest productivity using a new individual and trait-based model (TFS v. 1)},
  author={Fyllas, NM and Gloor, E and Mercado, LM and Sitch, S and Quesada, CA and Domingues, TF and Galbraith, DR and Torre-Lezama, A and Vilanova, E and Ram{\'\i}rez-Angulo, H and others},
  journal={Geoscientific Model Development Discussions},
  volume={7},
  number={1},
  pages={1413--1452},
  year={2014},
  publisher={Copernicus GmbH}
}

@article{kattge2011,
  title={TRY--a global database of plant traits},
  author={Kattge, Jens and Diaz, Sandra and Lavorel, Sandra and Prentice, IC and Leadley, P and B{\"o}nisch, G and Garnier, Eric and Westoby, Mark and Reich, Peter B and Wright, IJ and others},
  journal={Global change biology},
  volume={17},
  number={9},
  pages={2905--2935},
  year={2011},
  publisher={Wiley Online Library}
}

@article{qian2006,
  title={Simulation of global land surface conditions from 1948 to 2004. Part I: Forcing data and evaluations},
  author={Qian, Taotao and Dai, Aiguo and Trenberth, Kevin E and Oleson, Keith W},
  journal={Journal of Hydrometeorology},
  volume={7},
  number={5},
  pages={953--975},
  year={2006}
}

@article{coop2007,
  title={Gradient analysis of reversed treelines and grasslands of the Valles Caldera, New Mexico},
  author={Coop, Jonathan D and Givnish, Thomas J},
  journal={Journal of Vegetation Science},
  volume={18},
  number={1},
  pages={43--54},
  year={2007},
  publisher={Wiley Online Library}
}

@article{givnish2002,
  title={Adaptive significance of evergreen vs. deciduous leaves: solving the triple paradox},
  author={Givnish, Thomas J},
  journal={Silva Fennica},
  volume={36},
  number={3},
  pages={703--743},
  year={2002},
  publisher={THE FINNISH SOCIETY OF FOREST SCIENCE}
}

@article{boulangeat2012,
  title={Improving plant functional groups for dynamic models of biodiversity: at the crossroads between functional and community ecology},
  author={Boulangeat, Isabelle and Philippe, Pauline and Abdulhak, Sylvain and Douzet, Roland and Garraud, Luc and Lavergne, S{\'e}bastien and Lavorel, Sandra and Van Es, J{\'e}r{\'e}mie and Vittoz, Pascal and Thuiller, Wilfried},
  journal={Global change biology},
  volume={18},
  number={11},
  pages={3464--3475},
  year={2012},
  publisher={Wiley Online Library}
}

@incollection{prentice2007,
  title={Dynamic global vegetation modeling: quantifying terrestrial ecosystem responses to large-scale environmental change},
  author={Prentice, I Colin and Bondeau, Alberte and Cramer, Wolfgang and Harrison, Sandy P and Hickler, Thomas and Lucht, Wolfgang and Sitch, Stephen and Smith, Ben and Sykes, Martin T},
  booktitle={Terrestrial ecosystems in a changing world},
  pages={175--192},
  year={2007},
  publisher={Springer}
}

@article{morin2009,
  title={Comparing niche-and process-based models to reduce prediction uncertainty in species range shifts under climate change},
  author={Morin, Xavier and Thuiller, Wilfried},
  journal={Ecology},
  volume={90},
  number={5},
  pages={1301--1313},
  year={2009},
  publisher={Eco Soc America}
}

@article{vanbodegom2012,
  title={Going beyond limitations of plant functional types when predicting global ecosystem--atmosphere fluxes: exploring the merits of traits-based approaches},
  author={Van Bodegom, PM and Douma, JC and Witte, JPM and Ordo{\~n}ez, JC and Bartholomeus, RP and Aerts, R},
  journal={Global Ecology and Biogeography},
  volume={21},
  number={6},
  pages={625--636},
  year={2012},
  publisher={Wiley Online Library}
}

@article{verheijen2012,
  title={Impacts of trait variation through observed trait-climate relationships on performance of a representative Earth System model: a conceptual analysis},
  author={Verheijen, LM and Brovkin, V and Aerts, R and B{\"o}nisch, G and Cornelissen, JHC and Kattge, J and Reich, PB and Wright, IJ and Van Bodegom, PM},
  journal={Biogeosciences Discussions},
  volume={9},
  number={12},
  pages={18907--18950},
  year={2012},
  publisher={Copernicus GmbH}
}

@article{botta2000,
  title={A global prognostic scheme of leaf onset using satellite data},
  author={Botta, A and Viovy, N and Ciais, P and Friedlingstein, P and Monfray, Pand},
  journal={Global Change Biology},
  volume={6},
  number={7},
  pages={709--725},
  year={2000},
  publisher={Wiley Online Library}
}

@article{medlyn2011,
  title={Reconciling the optimal and empirical approaches to modelling stomatal conductance},
  author={Medlyn, Belinda E and Duursma, Remko A and Eamus, Derek and Ellsworth, David S and Prentice, I Colin and Barton, Craig VM and Crous, Kristine Y and de Angelis, Paolo and Freeman, Michael and Wingate, Lisa},
  journal={Global Change Biology},
  volume={17},
  number={6},
  pages={2134--2144},
  year={2011},
  publisher={Wiley Online Library}
}

@article{fisher2010,
  title={Assessing uncertainties in a second-generation dynamic vegetation model caused by ecological scale limitations},
  author={Fisher, Rosie and McDowell, Nate and Purves, Drew and Moorcroft, Paul and Sitch, Stephen and Cox, Peter and Huntingford, Chris and Meir, Patrick and Ian Woodward, F},
  journal={New Phytologist},
  volume={187},
  number={3},
  pages={666--681},
  year={2010},
  publisher={Wiley Online Library}
}

@article{lawrence2011,
  title={Parameterization improvements and functional and structural advances in version 4 of the Community Land Model},
  author={Lawrence, David M and Oleson, Keith W and Flanner, Mark G and Thornton, Peter E and Swenson, Sean C and Lawrence, Peter J and Zeng, Xubin and Yang, Zong-Liang and Levis, Samuel and Sakaguchi, Koichi and others},
  journal={Journal of Advances in Modeling Earth Systems},
  volume={3},
  number={1},
  year={2011},
  publisher={Wiley Online Library}
}

@article{thomas2014,
  title={A model using marginal efficiency of investment to analyse carbon and nitrogen interactions in terrestrial ecosystems (ACONITE Version 1)},
  author={Thomas, RQ and Williams, M},
  journal={Geoscientific Model Development Discussions},
  volume={7},
  number={2},
  pages={2525--2580},
  year={2014},
  publisher={Copernicus GmbH}
}
@article{loew2014,
  title={Do we (need to) care about canopy radiation schemes in DGVMs? Caveats and potential impacts},
  author={Loew, Alexander and van Bodegom, PM and Widlowski, J-L and Otto, Juliane and Quaife, Tristan and Pinty, Bernard and Raddatz, Thomas},
  journal={Biogeosciences},
  volume={11},
  pages={1873--1897},
  year={2014},
  publisher={Copernicus GmbH on behalf of the European Geosciences Union}
}

@article{pfeifer2012,
  title={Terrestrial ecosystems from space: a review of earth observation products for macroecology applications},
  author={Pfeifer, Marion and Disney, Mathias and Quaife, Tristan and Marchant, Rob},
  journal={Global Ecology and Biogeography},
  volume={21},
  number={6},
  pages={603--624},
  year={2012},
  publisher={Wiley Online Library}
}

@inproceedings{quaife2004,
  title={Coupling a canopy reflectance model with a global vegetation model},
  author={Quaife, Tristan and Lewis, Philip and Disney, Mathias and Lomas, Mark and Woodward, Ian and Picard, Ghislain},
  booktitle={Geoscience and Remote Sensing Symposium, 2004. IGARSS'04. Proceedings. 2004 IEEE International},
  volume={1},
  year={2004},
  organization={IEEE}
}

@article{kelley2012,
  title={A comprehensive benchmarking system for evaluating global vegetation models},
  author={Kelley, DI and Prentice, I Colin and Harrison, SP and Wang, H and Simard, M and Fisher, JB and Willis, KO},
  journal={Biogeosciences Discussions},
  volume={9},
  number={11},
  pages={15723},
  year={2012}
}

@article{sargsyan2014,
  title={Dimensionality reduction for complex models via bayesian compressive sensing},
  author={Sargsyan, Khachik and Safta, Cosmin and Najm, Habib N and Debusschere, Bert J and Ricciuto, Daniel and Thornton, Peter},
  journal={International Journal for Uncertainty Quantification},
  volume={4},
  number={1},
  year={2014},
  publisher={Begel House Inc.}
}

@article{hou2012,
  title={Sensitivity of surface flux simulations to hydrologic parameters based on an uncertainty quantification framework applied to the Community Land Model},
  author={Hou, Zhangshuan and Huang, Maoyi and Leung, L Ruby and Lin, Guang and Ricciuto, Daniel M},
  journal={Journal of Geophysical Research: Atmospheres (1984--2012)},
  volume={117},
  number={D15},
  year={2012},
  publisher={Wiley Online Library}
}

@article{fox2009,
  title={The REFLEX project: comparing different algorithms and implementations for the inversion of a terrestrial ecosystem model against eddy covariance data},
  author={Fox, Andrew and Williams, Mathew and Richardson, Andrew D and Cameron, David and Gove, Jeffrey H and Quaife, Tristan and Ricciuto, Daniel and Reichstein, Markus and Tomelleri, Enrico and Trudinger, Cathy M and others},
  journal={Agricultural and Forest Meteorology},
  volume={149},
  number={10},
  pages={1597--1615},
  year={2009},
  publisher={Elsevier}
}

@article{jung2011,
  title={Global patterns of land-atmosphere fluxes of carbon dioxide, latent heat, and sensible heat derived from eddy covariance, satellite, and meteorological observations},
  author={Jung, Martin and Reichstein, Markus and Margolis, Hank A and Cescatti, Alessandro and Richardson, Andrew D and Arain, M Altaf and Arneth, Almut and Bernhofer, Christian and Bonal, Damien and Chen, Jiquan and others},
  journal={Journal of Geophysical Research: Biogeosciences (2005--2012)},
  volume={116},
  number={G3},
  year={2011},
  publisher={Wiley Online Library}
}

@article{anav2013,
  title={Evaluating the land and ocean components of the global carbon cycle in the CMIP5 Earth System Models},
  author={Anav, A and Friedlingstein, P and Kidston, M and Bopp, L and Ciais, P and Cox, P and Jones, C and Jung, Martin and Myneni, R and Zhu, Z},
  journal={Journal of Climate},
  volume={26},
  number={18},
  pages={6801--6843},
  year={2013}
}

@article{blyth2011,
  title={A comprehensive set of benchmark tests for a land surface model of simultaneous fluxes of water and carbon at both the global and seasonal scale},
  author={Blyth, E and Clark, DB and Ellis, R and Huntingford, C and Los, S and Pryor, M and Best, M and Sitch, S},
  journal={Geoscientific Model Development},
  volume={4},
  number={2},
  pages={255--269},
  year={2011},
  publisher={Copernicus GmbH}
}

@article{abramowitz2012,
  title={Towards a public, standardized, diagnostic benchmarking system for land surface models},
  author={Abramowitz, G},
  journal={Geoscientific Model Development},
  volume={5},
  number={3},
  pages={819--827},
  year={2012},
  publisher={Copernicus GmbH}
}

@article{lombardozzi2014,
  title={The emerging anthropogenic signal in land-atmosphere carbon-cycle coupling},
  author={Lombardozzi, Danica and Bonan, Gordon B and Nychka, Douglas W},
  journal={Nature Climate Change},
  year={2014},
  publisher={Nature Publishing Group}
}


@article{swart2015,
  title={Influence of internal variability on Arctic sea-ice trends},
  author={Swart, Neil C and Fyfe, John C and Hawkins, Ed and Kay, Jennifer E and Jahn, Alexandra},
  journal={Nature Climate Change},
  volume={5},
  number={2},
  pages={86--89},
  year={2015},
  publisher={Nature Publishing Group}
}

@article{wettstein2014,
  title={Internal Variability in Projections of Twenty-First-Century Arctic Sea Ice Loss: Role of the Large-Scale Atmospheric Circulation},
  author={Wettstein, Justin J and Deser, Clara},
  journal={Journal of Climate},
  volume={27},
  number={2},
  pages={527--550},
  year={2014}
}


@article{falloon2014,
  title={Ensembles and uncertainty in climate change impacts},
  author={Falloon, Pete and Challinor, Andy and Dessai, Suraje and Hoang, Lan and Johnson, Jill and Koehler, Ann-Kristin},
  journal={Interdisciplinary Climate Studies},
  volume={2},
  pages={33},
  year={2014},
  publisher={Frontiers}
}

@article{abramowitz2008,
  title={Evaluating the performance of land surface models},
  author={Abramowitz, Gab and Leuning, Ray and Clark, Martyn and Pitman, Andy},
  journal={Journal of climate},
  volume={21},
  number={21},
  pages={5468--5481},
  year={2008}
}

@article{kay2014,
  title={The Community Earth System Model (CESM) Large Ensemble Project: A community resource for studying climate change in the presence of internal climate variability},
  author={Kay, JE and Deser, C and Phillips, A and Mai, A and Hannay, C and Strand, G and Arblaster, JM and Bates, SC and Danabasoglu, G and Edwards, J and others},
  journal={Bulletin of the American Meteorological Society},
  year={2014}
}


@article{keenan2009,
  title={Improved understanding of drought controls on seasonal variation in Mediterranean forest canopy CO2 and water fluxes through combined in situ measurements and ecosystem modelling},
  author={Keenan, Trevor and Garcia, R and Friend, AD and Zaehle, S{\"o}nke and Gracia, Carles and Sabat{\'e} i Jorba, Santi},
  journal={Biogeosciences, 2009, vol. 6, p. 1423-1444},
  year={2009},
  publisher={European Geosciences Union}
}

@article{niinemets1998,
  title={Stoichiometry of foliar carbon constituents varies along light gradients in temperate woody canopies: implications for foliage morphological plasticity},
  author={Niinemets, {\"U}lo and Kull, Olevi},
  journal={Tree Physiology},
  volume={18},
  number={7},
  pages={467--479},
  year={1998},
  publisher={Heron Publishing}
}

@article{rogers2017,
  title={A roadmap for improving the representation of photosynthesis in Earth system models},
  author={Rogers, Alistair and Medlyn, Belinda E and Dukes, Jeffrey S and Bonan, Gordon and Caemmerer, Susanne and Dietze, Michael C and Kattge, Jens and Leakey, Andrew DB and Mercado, Lina M and Niinemets, {\"U}lo and others},
  journal={New Phytologist},
  volume={213},
  number={1},
  pages={22--42},
  year={2017},
  publisher={Wiley Online Library}
}

@article{walker2017,
  title={The impact of alternative trait-scaling hypotheses for the maximum photosynthetic carboxylation rate (Vcmax) on global gross primary production},
  author={Walker, Anthony P and Quaife, Tristan and Bodegom, Peter M and De Kauwe, Martin G and Keenan, Trevor F and Joiner, Joanna and Lomas, Mark R and MacBean, Natasha and Xu, Chongang and Yang, Xiaojuan and others},
  journal={New Phytologist},
  volume={215},
  number={4},
  pages={1370--1386},
  year={2017},
  publisher={Wiley Online Library}
}

@article{hikosaka2005,
  title={Temperature acclimation of photosynthesis: mechanisms involved in the changes in temperature dependence of photosynthetic rate},
  author={Hikosaka, Kouki and Ishikawa, Kazumasa and Borjigidai, Almaz and Muller, Onno and Onoda, Yusuke},
  journal={Journal of experimental botany},
  volume={57},
  number={2},
  pages={291--302},
  year={2005},
  publisher={Oxford University Press}
}

@article{ainsworth2007,
  title={The response of photosynthesis and stomatal conductance to rising [CO2]: mechanisms and environmental interactions},
  author={Ainsworth, Elizabeth A and Rogers, Alistair},
  journal={Plant, cell \& environment},
  volume={30},
  number={3},
  pages={258--270},
  year={2007},
  publisher={Wiley Online Library}
}

@article{booth2012,
  title={High sensitivity of future global warming to land carbon cycle processes},
  author={Booth, Ben BB and Jones, Chris D and Collins, Mat and Totterdell, Ian J and Cox, Peter M and Sitch, Stephen and Huntingford, Chris and Betts, Richard A and Harris, Glen R and Lloyd, Jon},
  journal={Environmental Research Letters},
  volume={7},
  number={2},
  pages={024002},
  year={2012},
  publisher={IOP Publishing}
}

@article{burakowski,
  title={Winter Climate Impacts of Mid-1800’s Deforestation in New England Using the Weather, Research, and Forecasting (WRF) Model.},
  author={Burakowski, EA and Chen, M and Birkel, S and Ollinger, S and Hollinger, DH and Wake, CP and Ciais, Dibb, JE},
  journal={Journal of Climate},
  volume={in prep for},
}

@article{zaehle2010,
  title={Carbon and nitrogen cycle dynamics in the O-CN land surface model: 1. Model description, site-scale evaluation, and sensitivity to parameter estimates},
  author={Zaehle, S{\"o}nke and Friend, AD},
  journal={Global Biogeochemical Cycles},
  volume={24},
  number={1},
  year={2010},
  publisher={Wiley Online Library}
}

@article{goll2012,
  title={Nutrient limitation reduces land carbon uptake in simulations with a model of combined carbon, nitrogen and phosphorus cycling},
  author={Goll, DS and Brovkin, Victor and Parida, BR and Reick, Christian H and Kattge, Jens and Reich, PB and Van Bodegom, PM and Niinemets, {\"U}},
  journal={Biogeosciences},
  volume={9},
  number={9},
  pages={3547--3569},
  year={2012},
  publisher={Copernicus GmbH}
}

@article{blyth2010,
  title={Evaluating the JULES land surface model energy fluxes using FLUXNET data},
  author={Blyth, Eleanor and Gash, John and Lloyd, Amanda and Pryor, Matthew and Weedon, Graham P and Shuttleworth, Jim},
  journal={Journal of Hydrometeorology},
  volume={11},
  number={2},
  pages={509--519},
  year={2010}
}
@article{best2011,
  title={The Joint UK Land Environment Simulator (JULES), model description--Part 1: energy and water fluxes},
  author={Best, MJ and Pryor, M and Clark, DB and Rooney, GG and Essery, R and M{\'e}nard, CB and Edwards, JM and Hendry, MA and Porson, A and Gedney, N and others},
  journal={Geoscientific Model Development},
  volume={4},
  number={3},
  pages={677--699},
  year={2011},
  publisher={Copernicus GmbH}
}

@article{medlyn2015using,
  title={Using ecosystem experiments to improve vegetation models},
  author={Medlyn, Belinda E and Zaehle, S{\"o}nke and De Kauwe, Martin G and Walker, Anthony P and Dietze, Michael C and Hanson, Paul J and Hickler, Thomas and Jain, Atul K and Luo, Yiqi and Parton, William and others},
  journal={Nature Climate Change},
  volume={5},
  number={6},
  pages={528},
  year={2015},
  publisher={Nature Publishing Group}
}

@article{ghimire2016,
  title={Representing leaf and root physiological traits in CLM improves global carbon and nitrogen cycling predictions},
  author={Ghimire, Bardan and Riley, William J and Koven, Charles D and Mu, Mingquan and Randerson, James T},
  journal={Journal of Advances in Modeling Earth Systems},
  volume={8},
  number={2},
  pages={598--613},
  year={2016},
  publisher={Wiley Online Library}
}

@article{prentice1992,
  title={Special paper: a global biome model based on plant physiology and dominance, soil properties and climate},
  author={Prentice, I Colin and Cramer, Wolfgang and Harrison, Sandy P and Leemans, Rik and Monserud, Robert A and Solomon, Allen M},
  journal={Journal of biogeography},
  pages={117--134},
  year={1992},
  publisher={JSTOR}
}

@article{running1993,
  title={Generalization of a forest ecosystem process model for other biomes, BIOME-BGC, and an application for global-scale models},
  author={Running, Steven W and Hunt, E Raymond},
  journal={Scaling physiological processes: Leaf to globe},
  pages={141--158},
  year={1993},
  publisher={Academic Press, San Diego, California}
}

@article{beer2010,
  title={Terrestrial gross carbon dioxide uptake: global distribution and covariation with climate},
  author={Beer, Christian and Reichstein, Markus and Tomelleri, Enrico and Ciais, Philippe and Jung, Martin and Carvalhais, Nuno and R{\"o}denbeck, Christian and Arain, M Altaf and Baldocchi, Dennis and Bonan, Gordon B and others},
  journal={Science},
  volume={329},
  number={5993},
  pages={834--838},
  year={2010},
  publisher={American Association for the Advancement of Science}
}

@article{burakowski,
  title={Winter Climate Impacts of Mid-1800’s Deforestation in New England Using the Weather, Research, and Forecasting (WRF) Model.},
  author={Burakowski, EA and Chen, M and Birkel, S and Ollinger, S and Hollinger, DH and Wake, CP and Ciais, Dibb, JE},
  journal={Journal of Climate},
  volume = {in prep for}
}


@article{dahlin2015,
  title={Environmental drivers of drought deciduous phenology in the Community Land Model},
  author={Dahlin, Kyla and Fisher, Rosie and Lawrence, Peter},
  journal={ Biogeosciences Discussions},
  year = {in prep}
}

@article{randerson2009,
  title={Systematic assessment of terrestrial biogeochemistry in coupled climate--carbon models},
  author={Randerson, James T and Hoffman, Forrest M and Thornton, Peter E and Mahowald, Natalie M and Lindsay, Keith and LEE, YEN-HUEI and Nevison, Cynthia D and Doney, Scott C and Bonan, Gordon and St{\"o}ckli, Reto and others},
  journal={Global Change Biology},
  volume={15},
  number={10},
  pages={2462--2484},
  year={2009},
  publisher={Wiley Online Library}
}

@article{schwalm2013,
  title={Sensitivity of inferred climate model skill to evaluation decisions: a case study using CMIP5 evapotranspiration},
  author={Schwalm, Christopher R and Huntinzger, Deborah N and Michalak, Anna M and Fisher, Joshua B and Kimball, John S and Mueller, Brigitte and Zhang, Ke and Zhang, Yongqiang},
  journal={Environmental Research Letters},
  volume={8},
  number={2},
  pages={024028},
  year={2013},
  publisher={IOP Publishing}
}

@article{violle2014,
  title={The emergence and promise of functional biogeography},
  author={Violle, Cyrille and Reich, Peter B and Pacala, Stephen W and Enquist, Brian J and Kattge, Jens},
  journal={Proceedings of the National Academy of Sciences},
  volume={111},
  number={38},
  pages={13690--13696},
  year={2014},
  publisher={National Acad Sciences}
}


@article{dybzinski2014,
  title={Increased forest carbon storage with increased atmospheric CO2 despite nitrogen limitation: a game-theoretic allocation model for trees in competition for nitrogen and light},
  author={Dybzinski, Ray and Farrior, Caroline E and Pacala, Stephen W},
  journal={Global change biology},
  year={2014},
  publisher={Wiley Online Library}
}
@article{farrior2013,
  title={Resource limitation in a competitive context determines complex plant responses to experimental resource additions},
  author={Farrior, Caroline E and Tilman, David and Dybzinski, Ray and Reich, Peter B and Levin, Simon A and Pacala, Stephen W},
  journal={Ecology},
  volume={94},
  number={11},
  pages={2505--2517},
  year={2013},
  publisher={Eco Soc America}
}

@article{rastetter1992,
  title={A model of multiple-element limitation for acclimating vegetation},
  author={Rastetter, Edward B and Shaver, Gaius R},
  journal={Ecology},
  volume={73},
  number={4},
  pages={1157--1174},
  year={1992},
  publisher={Eco Soc America}
}

@article{rastetter2011,
  title={Modeling coupled biogeochemical cycles},
  author={Rastetter, Edward B},
  journal={Frontiers in Ecology and the Environment},
  volume={9},
  number={1},
  pages={68--73},
  year={2011},
  publisher={Eco Soc America}
}

@article{vanwijk2001,
  title={Towards understanding tree root profiles: simulating hydrologically optimal strategies for root distribution},
  author={Van Wijk, MT and Bouten, W},
  journal={Hydrology and Earth System Sciences Discussions},
  volume={5},
  number={4},
  pages={629--644},
  year={2001}
}


@article{vanwijk2003,
  title={Luxury consumption of soil nutrients: a possible competitive strategy in above-ground and below-ground biomass allocation and root morphology for slow-growing arctic vegetation?},
  author={Van Wijk, MT and Williams, M and Gough, L and Hobbie, SE and Shaver, GR},
  journal={Journal of Ecology},
  volume={91},
  number={4},
  pages={664--676},
  year={2003},
  publisher={Wiley Online Library}
}
@article{anten2011,
  title={Is analysing the nitrogen use at the plant canopy level a matter of choosing the right optimization criterion?},
  author={Anten, Niels PR and During, Heinjo J},
  journal={Oecologia},
  volume={167},
  number={2},
  pages={293--303},
  year={2011},
  publisher={Springer}
}

@article{mcnickle2013,
  title={Game theory and plant ecology},
  author={McNickle, Gordon G and Dybzinski, Ray},
  journal={Ecology letters},
  volume={16},
  number={4},
  pages={545--555},
  year={2013},
  publisher={Wiley Online Library}
}

@article{mcmurtrie2013,
  title={New insights into carbon allocation by trees from the hypothesis that annual wood production is maximized},
  author={McMurtrie, Ross E and Dewar, Roderick C},
  journal={New Phytologist},
  volume={199},
  number={4},
  pages={981--990},
  year={2013},
  publisher={Wiley Online Library}
}

@article{franklin2012,
  title={Modeling carbon allocation in trees: a search for principles},
  author={Franklin, Oskar and Johansson, Jacob and Dewar, Roderick C and Dieckmann, Ulf and McMurtrie, Ross E and Br{\"a}nnstr{\"o}m, {\AA}ke and Dybzinski, Ray},
  journal={Tree Physiology},
  pages={tpr138},
  year={2012},
  publisher={Oxford University Press}
}

@article{fisher2007,
  title={The response of an Eastern Amazonian rain forest to drought stress: results and modelling analyses from a throughfall exclusion experiment},
  author={Fisher, RA and Williams, M and COSTA, Da and Lola, A and Malhi, Y and Da COSTA, RF and ALMEIDA, S and Meir, P},
  journal={Global Change Biology},
  volume={13},
  number={11},
  pages={2361--2378},
  year={2007},
  publisher={Wiley Online Library}
}

@article{williams1996,
  title={Modelling the soil-plant-atmosphere continuum in a Quercus--Acer stand at Harvard Forest: the regulation of stomatal conductance by light, nitrogen and soil/plant hydraulic properties},
  author={Williams, M and Rastetter, EB and Fernandes, DN and Goulden, ML and Wofsy, SC and Shaver, GR and Melillo, JM and Munger, JW and Fan, S-M and Nadelhoffer, KJ},
  journal={Plant, Cell \& Environment},
  volume={19},
  number={8},
  pages={911--927},
  year={1996},
  publisher={Wiley Online Library}
}

@article{williams2001,
  title={Use of a simulation model and ecosystem flux data to examine carbon--water interactions in ponderosa pine},
  author={Williams, Mathew and Law, Beverly E and Anthoni, Peter M and Unsworth, Michael H},
  journal={Tree Physiology},
  volume={21},
  number={5},
  pages={287--298},
  year={2001},
  publisher={Oxford University Press}
}

@book{matlab2012,
year = {2012},
author = {MATLAB},
title = {MATLAB and Statistics Toolbox Release 2012b, version 8.0.0.783 (R2012b)},
publisher = {The MathWorks Inc.},
address = {Natick, Massachusetts}
}

, , Natick, Massachusetts, United States.

@article{vanbodegom2014,
  title={A fully traits-based approach to modeling global vegetation distribution},
  author={van Bodegom, Peter M and Douma, Jacob C and Verheijen, Lieneke M},
  journal={Proceedings of the National Academy of Sciences},
  volume={111},
  number={38},
  pages={13733--13738},
  year={2014},
  publisher={National Acad Sciences}
}


@article{wullschleger2014,
  title={Plant functional types in Earth system models: past experiences and future directions for application of dynamic vegetation models in high-latitude ecosystems},
  author={Wullschleger, Stan D and Epstein, Howard E and Box, Elgene O and Euskirchen, Eug{\'e}nie S and Goswami, Santonu and Iversen, Colleen M and Kattge, Jens and Norby, Richard J and van Bodegom, Peter M and Xu, Xiaofeng},
  journal={Annals of botany},
  pages={mcu077},
  year={2014},
  publisher={Annals Botany Co}
}

@article{reich2014manif,
  title={The world-wide ‘fast--slow’plant economics spectrum: a traits manifesto},
  author={Reich, Peter B},
  journal={Journal of Ecology},
  volume={102},
  number={2},
  pages={275--301},
  year={2014},
  publisher={Wiley Online Library}
}

@article{reichstein2014,
  title={Linking plant and ecosystem functional biogeography},
  author={Reichstein, Markus and Bahn, Michael and Mahecha, Miguel D and Kattge, Jens and Baldocchi, Dennis D},
  journal={Proceedings of the National Academy of Sciences},
  volume={111},
  number={38},
  pages={13697--13702},
  year={2014},
  publisher={National Acad Sciences}
}


@article{McCormack2012,
  title={Predicting fine root lifespan from plant functional traits in temperate trees},
  author={McCormack, Luke and Adams, Thomas S and Smithwick, Erica AH and Eissenstat, David M},
  journal={New Phytologist},
  volume={195},
  number={4},
  pages={823--831},
  year={2012},
  publisher={Wiley Online Library}
}

@article{warren2015,
  title={Root structural and functional dynamics in terrestrial biosphere models--evaluation and recommendations},
  author={Warren, Jeffrey M and Hanson, Paul J and Iversen, Colleen M and Kumar, Jitendra and Walker, Anthony P and Wullschleger, Stan D},
  journal={New Phytologist},
  volume={205},
  number={1},
  pages={59--78},
  year={2015},
  publisher={Wiley Online Library}
}

@article{joslin2006,
  title={Fine-root turnover patterns and their relationship to root diameter and soil depth in a 14C-labeled hardwood forest},
  author={Joslin, JD and Gaudinski, JB and Torn, MS and Riley, WJ and Hanson, PJ},
  journal={New Phytologist},
  volume={172},
  pages={523--535},
  year={2006}
}

@article{eissenstat2000,
  title={Building roots in a changing environment: implications for root longevity},
  author={Eissenstat, DM and Wells, CE and Yanai, RD and Whitbeck, JL},
  journal={New Phytologist},
  volume={147},
  number={1},
  pages={33--42},
  year={2000},
  publisher={Wiley Online Library}
}


@article{gill2000,
  title={Global patterns of root turnover for terrestrial ecosystems},
  author={Gill, Richard A and Jackson, Robert B},
  journal={New Phytologist},
  volume={147},
  number={1},
  pages={13--31},
  year={2000},
  publisher={Wiley Online Library}
}

@article{guo2008,
  title={Fine root heterogeneity by branch order: exploring the discrepancy in root turnover estimates between minirhizotron and carbon isotopic methods},
  author={Guo, Dali and Li, Harbin and Mitchell, Robert J and Han, Wenxuan and Hendricks, Joseph J and Fahey, Timothy J and Hendrick, Ronald L},
  journal={New Phytologist},
  volume={177},
  number={2},
  pages={443--456},
  year={2008},
  publisher={Wiley Online Library}
}
@article{pavlick2013,
  title={The Jena Diversity-Dynamic Global Vegetation Model (JeDi-DGVM): a diverse approach to representing terrestrial biogeography and biogeochemistry based on plant functional trade-offs},
  author={Pavlick, R and Drewry, DT and Bohn, K and Reu, B and Kleidon, A},
  journal={Biogeosciences},
  volume={10},
  number={6},
  pages={4137--4177},
  year={2013},
  publisher={Copernicus GmbH}
}


@article{mcgill2006,
  title={Rebuilding community ecology from functional traits},
  author={McGill, Brian J and Enquist, Brian J and Weiher, Evan and Westoby, Mark},
  journal={Trends in ecology \& evolution},
  volume={21},
  number={4},
  pages={178--185},
  year={2006},
  publisher={Elsevier}
}

@article{wright2005,
  title={Modulation of leaf economic traits and trait relationships by climate},
  author={Wright, Ian J and Reich, Peter B and Cornelissen, Johannes HC and Falster, Daniel S and Groom, Philip K and Hikosaka, Kouki and Lee, William and Lusk, Christopher H and Niinemets, {\"U}lo and Oleksyn, Jacek and others},
  journal={Global Ecology and Biogeography},
  volume={14},
  number={5},
  pages={411--421},
  year={2005},
  publisher={Wiley Online Library}
}

@article{bohn2011,
  title={The relative importance of seed competition, resource competition and perturbations on community structure},
  author={Bohn, K and Dyke, JG and Pavlick, R and Reineking, B and Reu, B and Kleidon, A},
  journal={Biogeosciences},
  volume={8},
  number={5},
  pages={1107--1120},
  year={2011}
}

@article{xu2012,
  title={Toward a mechanistic modeling of nitrogen limitation on vegetation dynamics},
  author={Xu, Chonggang and Fisher, Rosie and Wullschleger, Stan D and Wilson, Cathy J and Cai, Michael and McDowell, Nate G},
  journal={PloS one},
  volume={7},
  number={5},
  pages={e37914},
  year={2012},
  publisher={Public Library of Science}
}

@article{serbin2014,
  title={Spectroscopic determination of leaf morphological and biochemical traits for northern temperate and boreal tree species},
  author={Serbin, Shawn P and Singh, Aditya and McNeil, Brenden E and Kingdon, Clayton C and Townsend, Philip A},
  journal={Ecological Applications},
  year={2014},
  publisher={Eco Soc America}
}

@article{mcdowell2013,
  title={Evaluating theories of drought-induced vegetation mortality using a multimodel--experiment framework},
  author={McDowell, Nate G and Fisher, Rosie A and Xu, Chonggang and Domec, JC and H{\"o}ltt{\"a}, Teemu and Mackay, D Scott and Sperry, John S and Boutz, Amanda and Dickman, Lee and Gehres, Nathan and others},
  journal={New Phytologist},
  volume={200},
  number={2},
  pages={304--321},
  year={2013},
  publisher={Wiley Online Library}
}

@article{defries2009,
  title={ISLSCP II Continuous Fields of Vegetation Cover, 1992-1993},
  author={DeFries, R and Hansen, MC},
  journal={ISLSCP Initiative II Collection. Data set. Available on-line [http://daac. ornl. gov/] from Oak Ridge National Laboratory Distributed Active Archive Center, Oak Ridge, Tennessee, USA doi},
  volume={10},
  year={2009}
}

@article{reich2007,
  title={Predicting leaf physiology from simple plant and climate attributes: a global GLOPNET analysis},
  author={Reich, Peter B and Wright, Ian J and Lusk, Christopher H},
  journal={Ecological Applications},
  volume={17},
  number={7},
  pages={1982--1988},
  year={2007},
  publisher={Eco Soc America}
}
@article{westoby2002,
  title={Plant ecological strategies: some leading dimensions of variation between species},
  author={Westoby, Mark and Falster, Daniel S and Moles, Angela T and Vesk, Peter A and Wright, Ian J},
  journal={Annual review of ecology and systematics},
  pages={125--159},
  year={2002},
  publisher={JSTOR}
}

@article{reich1997,
  title={From tropics to tundra: global convergence in plant functioning},
  author={Reich, Peter B and Walters, Michael B and Ellsworth, David S},
  journal={Proceedings of the National Academy of Sciences},
  volume={94},
  number={25},
  pages={13730--13734},
  year={1997},
  publisher={National Acad Sciences}
}

@article{wright2004,
  title={The worldwide leaf economics spectrum},
  author={Wright, Ian J and Reich, Peter B and Westoby, Mark and Ackerly, David D and Baruch, Zdravko and Bongers, Frans and Cavender-Bares, Jeannine and Chapin, Terry and Cornelissen, Johannes HC and Diemer, Matthias and others},
  journal={Nature},
  volume={428},
  number={6985},
  pages={821--827},
  year={2004},
  publisher={Nature Publishing Group}
}

@article{kattge2009,
  title={Quantifying photosynthetic capacity and its relationship to leaf nitrogen content for global-scale terrestrial biosphere models},
  author={Kattge, Jens and Knorr, Wolfgang and Raddatz, Thomas and Wirth, Christian},
  journal={Global Change Biology},
  volume={15},
  number={4},
  pages={976--991},
  year={2009},
  publisher={Wiley Online Library}
}

@article{kattge2007,
  title={Temperature acclimation in a biochemical model of photosynthesis: a reanalysis of data from 36 species},
  author={Kattge, Jens and Knorr, Wolfgang},
  journal={Plant, cell \& environment},
  volume={30},
  number={9},
  pages={1176--1190},
  year={2007},
  publisher={Wiley Online Library}
}

@article{hickler2008,
  title={CO2 fertilization in temperate FACE experiments not representative of boreal and tropical forests},
  author={Hickler, Thomas and Smith, Benjamin and Prentice, I Colin and Mj{\"o}fors, Kristina and Miller, Paul and Arneth, Almut and Sykes, Martin T},
  journal={Global Change Biology},
  volume={14},
  number={7},
  pages={1531--1542},
  year={2008},
  publisher={Wiley Online Library}
}

@article{hickler2006,
  title={Implementing plant hydraulic architecture within the LPJ Dynamic Global Vegetation Model},
  author={Hickler, Thomas and Prentice, I Colin and Smith, Benjamin and Sykes, Martin T and Zaehle, S{\"o}nke},
  journal={Global Ecology and Biogeography},
  volume={15},
  number={6},
  pages={567--577},
  year={2006},
  publisher={Wiley Online Library}
}

@article{holdridge1967,
  title={Life zone ecology.},
  author={Holdridge, Leslie Rensselaer and others},
  journal={Life zone ecology.},
  number={rev. ed.)},
  year={1967},
  publisher={Tropical Science Center}
}

@inproceedings{woodward1987,
  title={Temperature and the distribution of plant species.},
  author={Woodward, FI},
  booktitle={Symposia of the Society for Experimental Biology},
  volume={42},
  pages={59--75},
  year={1987}
}

@article{woodward2004,
  title={Global climate and the distribution of plant biomes},
  author={Woodward, FI and Lomas, MR and Kelly, CK},
  journal={Philosophical Transactions of the Royal Society of London. Series B: Biological Sciences},
  volume={359},
  number={1450},
  pages={1465--1476},
  year={2004},
  publisher={The Royal Society}
}
@article{uriarte2009,
  title={Natural disturbance and human land use as determinants of tropical forest dynamics: results from a forest simulator},
  author={Uriarte, Mar{\'\i}a and Canham, Charles D and Thompson, Jill and Zimmerman, Jess K and Murphy, Lora and Sabat, Alberto M and Fetcher, Ned and Haines, Bruce L},
  journal={Ecological Monographs},
  volume={79},
  number={3},
  pages={423--443},
  year={2009},
  publisher={Eco Soc America}
}

@article{smith2001,
  title={Representation of vegetation dynamics in the modelling of terrestrial ecosystems: comparing two contrasting approaches within European climate space},
  author={Smith, Benjamin and Prentice, I Colin and Sykes, Martin T},
  journal={Global Ecology and Biogeography},
  volume={10},
  number={6},
  pages={621--637},
  year={2001},
  publisher={Wiley Online Library}
}

@article{sitch2003,
  title={Evaluation of ecosystem dynamics, plant geography and terrestrial carbon cycling in the LPJ dynamic global vegetation model},
  author={Sitch, S and Smith, Benjamin and Prentice, I Colin and Arneth, Almut and Bondeau, A and Cramer, W and Kaplan, JO and Levis, S and Lucht, W and Sykes, M Thonicke and others},
  journal={Global Change Biology},
  volume={9},
  number={2},
  pages={161--185},
  year={2003},
  publisher={Wiley Online Library}
}

@article{atkin2008,
  title={Using temperature-dependent changes in leaf scaling relationships to quantitatively account for thermal acclimation of respiration in a coupled global climate--vegetation model},
  author={Atkin, Owen K and Atkinson, Lindsey J and Fisher, Rosie A and Campbell, Catherine D and ZARAGOZA-CASTELLS, JOANA and Pitchford, Jon W and WOODWARD, F and Hurry, Vaughan},
  journal={Global Change Biology},
  volume={14},
  number={11},
  pages={2709--2726},
  year={2008},
  publisher={Wiley Online Library}
}

@article{lloyd2010,
  title={Optimisation of photosynthetic carbon gain and within-canopy gradients of associated foliar traits for Amazon forest trees},
  author={Lloyd, J and Patino, S and Paiva, RQ and Nardoto, GB and Quesada, CA and Santos, AJB and Baker, TR and Brand, Willi A and Hilke, I and Gielmann, H and others},
  journal={Biogeosciences},
  volume={7},
  number={6},
  pages={1833--1859},
  year={2010},
  publisher={Copernicus GmbH}
}

@article{lloyd2008,
  title={Effects of rising temperatures and [CO2] on the physiology of tropical forest trees},
  author={Lloyd, Jon and Farquhar, Graham D},
  journal={Philosophical Transactions of the Royal Society B: Biological Sciences},
  volume={363},
  number={1498},
  pages={1811--1817},
  year={2008},
  publisher={The Royal Society}
}

@article{arora2013,
  title={Carbon--concentration and carbon--climate feedbacks in CMIP5 Earth system models},
  author={Arora, Vivek K and Boer, George J and Friedlingstein, Pierre and Eby, Michael and Jones, Chris D and Christian, James R and Bonan, Gordon and Bopp, Laurent and Brovkin, Victor and Cadule, Patricia and others},
  journal={Journal of Climate},
  volume={26},
  number={15},
  pages={5289--5314},
  year={2013}
}

@article{huntingford2013,
  title={Simulated resilience of tropical rainforests to CO2-induced climate change},
  author={Huntingford, Chris and Zelazowski, Przemyslaw and Galbraith, David and Mercado, Lina M and Sitch, Stephen and Fisher, Rosie and Lomas, Mark and Walker, Anthony P and Jones, Chris D and Booth, Ben BB and others},
  journal={Nature Geoscience},
  volume={6},
  number={4},
  pages={268--273},
  year={2013},
  publisher={Nature Publishing Group}
}


@article{powell2013,
  title={Confronting model predictions of carbon fluxes with measurements of Amazon forests subjected to experimental drought},
  author={Powell, Thomas L and Galbraith, David R and Christoffersen, Bradley O and Harper, Anna and Imbuzeiro, Hewlley and Rowland, Lucy and Almeida, Samuel and Brando, Paulo M and Costa, Antonio Carlos Lola and Costa, Marcos Heil and others},
  journal={New Phytologist},
  volume={200},
  number={2},
  pages={350--365},
  year={2013},
  publisher={Wiley Online Library}
}

@article{friedlingstein2014,
  title={Uncertainties in CMIP5 climate projections due to carbon cycle feedbacks},
  author={Friedlingstein, Pierre and Meinshausen, Malte and Arora, Vivek K and Jones, Chris D and Anav, Alessandro and Liddicoat, Spencer K and Knutti, Reto},
  journal={Journal of Climate},
  volume={27},
  number={2},
  pages={511--526},
  year={2014}
}


@article{sato2007,
  title={SEIB--DGVM: A new Dynamic Global Vegetation Model using a spatially explicit individual-based approach},
  author={Sato, Hisashi and Itoh, Akihiko and Kohyama, Takashi},
  journal={Ecological Modelling},
  volume={200},
  number={3},
  pages={279--307},
  year={2007},
  publisher={Elsevier}
}

@article{krinner2005,
  title={A dynamic global vegetation model for studies of the coupled atmosphere-biosphere system},
  author={Krinner, Gerhard and Viovy, Nicolas and de Noblet-Ducoudr{\'e}, Nathalie and Og{\'e}e, J{\'e}r{\^o}me and Polcher, Jan and Friedlingstein, Pierre and Ciais, Philippe and Sitch, Stephen and Prentice, I Colin},
  journal={Global Biogeochemical Cycles},
  volume={19},
  number={1},
  year={2005},
  publisher={Wiley Online Library}
}

@article{friedlingstein2006,
  title={Climate-carbon cycle feedback analysis: Results from the C4MIP model intercomparison},
  author={Friedlingstein, Pierre and Cox, Peter and Betts, R and Bopp, Laurent and Von Bloh, W and Brovkin, Victor and Cadule, P and Doney, S and Eby, Michael and Fung, I and others},
  journal={Journal of Climate},
  volume={19},
  number={14},
  pages={3337--3353},
  year={2006}
}

@article{gotangco2012,
  title={Evaluation of the new CNDV option of the Community Land Model: effects of dynamic vegetation and interactive nitrogen on CLM4 means and variability*},
  author={Gotangco Castillo, C Kendra and Levis, Samuel and Thornton, Peter},
  journal={Journal of Climate},
  volume={25},
  number={11},
  pages={3702--3714},
  year={2012}
}

@article{levis2004,
  title={The Community Land Model’s dynamic global vegetation model (CLM-DGVM): Technical description and user’s guide},
  author={Levis, S and Bonan, GB and Vertenstein, M and Oleson, KW},
  journal={NCAR Technical Note},
  volume={TN-459+IA},
  year={2004}
}

@article{sitch2008,
  title={Evaluation of the terrestrial carbon cycle, future plant geography and climate-carbon cycle feedbacks using five Dynamic Global Vegetation Models (DGVMs)},
  author={Sitch, S and Huntingford, C and Gedney, N and Levy, PE and Lomas, M and Piao, SL and Betts, R and Ciais, P and Cox, P and Friedlingstein, P and others},
  journal={Global Change Biology},
  volume={14},
  number={9},
  pages={2015--2039},
  year={2008},
  publisher={Wiley Online Library}
}

@article{cox1998,
  title={A canopy conductance and photosynthesis model for use in a GCM land surface scheme},
  author={Cox, PM and Huntingford, C and Harding, RJ},
  journal={Journal of Hydrology},
  volume={212},
  pages={79--94},
  year={1998},
  publisher={Elsevier}
}

@article{haxeltine1996,
  title={BIOME3: An equilibrium terrestrial biosphere model based on ecophysiological constraints, resource availability, and competition among plant functional types},
  author={Haxeltine, Alex and Prentice, I Colin},
  journal={Global Biogeochemical Cycles},
  volume={10},
  number={4},
  pages={693--709},
  year={1996},
  publisher={Wiley Online Library}
}

@article{low2001,
  title={Estimation of leaf area index in open-canopy ponderosa pine forests at different successional stages and management regimes in Oregon},
  author={Law, BE and Van Tuyl, S and Cescatti, A and Baldocchi, DD},
  journal={Agricultural and Forest Meteorology},
  volume={108},
  number={1},
  pages={1--14},
  year={2001},
  publisher={Elsevier}
}

@article{mc_2001,
  title={A method for scaling vegetation dynamics: the ecosystem demography model ED},
  author={Moorcroft, PR and Hurtt, GC and Pacala, Stephen W},
  journal={Ecological monographs},
  volume={71},
  number={4},
  pages={557--586},
  year={2001},
  publisher={Eco Soc America}
}

@article{purves2008,
  title={Predicting and understanding forest dynamics using a simple tractable model},
  author={Purves, Drew W and Lichstein, Jeremy W and Strigul, Nikolay and Pacala, Stephen W},
  journal={Proceedings of the National Academy of Sciences},
  volume={105},
  number={44},
  pages={17018--17022},
  year={2008},
  publisher={National Acad Sciences}
}


@article{thonicke2010,
  title={The influence of vegetation, fire spread and fire behaviour on biomass burning and trace gas emissions: results from a process-based model},
  author={Thonicke, K and Spessa, A and Prentice, IC and Harrison, SP and Dong, L and Carmona-Moreno, C},
  journal={Biogeosciences},
  volume={7},
  number={6},
  pages={1991--2011},
  year={2010},
  publisher={Copernicus GmbH}
}


@article{venevsky2002,
  title={Simulating fire regimes in human-dominated ecosystems: Iberian Peninsula case study},
  author={Venevsky, Sergey and Thonicke, Kirsten and Sitch, Stephen and Cramer, Wolfgang},
  journal={Global Change Biology},
  volume={8},
  number={10},
  pages={984--998},
  year={2002},
  publisher={Wiley Online Library}
}

@article{li2012,
  title={A process-based fire parameterization of intermediate complexity in a Dynamic Global Vegetation Model},
  author={Li, F and Zeng, XD and Levis, S},
  journal={Biogeosciences},
  volume={9},
  number={7},
  pages={2761--2780},
  year={2012},
  publisher={Copernicus GmbH}
}

@article{scheiter2013,
  title={Next-generation dynamic global vegetation models: learning from community ecology},
  author={Scheiter, Simon and Langan, Liam and Higgins, Steven I},
  journal={New Phytologist},
  volume={198},
  number={3},
  pages={957--969},
  year={2013},
  publisher={Wiley Online Library}
}

@article{falster2011,
  title={Influence of four major plant traits on average height, leaf-area cover, net primary productivity, and biomass density in single-species forests: a theoretical investigation},
  author={Falster, Daniel S and Br{\"a}nnstr{\"o}m, {\AA}ke and Dieckmann, Ulf and Westoby, Mark},
  journal={Journal of Ecology},
  volume={99},
  number={1},
  pages={148--164},
  year={2011},
  publisher={Wiley Online Library}
}

@article{kikuzawa2013,
  title={Mechanisms underlying global temperature-related patterns in leaf longevity},
  author={Kikuzawa, Kihachiro and Onoda, Yusuke and Wright, Ian J and Reich, Peter B},
  journal={Global Ecology and Biogeography},
  volume={22},
  number={8},
  pages={982--993},
  year={2013},
  publisher={Wiley Online Library}
}

@article{wang2012,
  title={Correlations among leaf traits provide a significant constraint on the estimate of global gross primary production},
  author={Wang, YP and Lu, XJ and Wright, IJ and Dai, YJ and Rayner, PJ and Reich, PB},
  journal={Geophysical Research Letters},
  volume={39},
  number={19},
  year={2012},
  publisher={Wiley Online Library}
}

@article{friedlingstein1999,
  title={Toward an allocation scheme for global terrestrial carbon models},
  author={Friedlingstein, Pierre and Joel, G and Field, CB and Fung, IY},
  journal={Global Change Biology},
  volume={5},
  number={7},
  pages={755--770},
  year={1999},
  publisher={Wiley Online Library}
}

@article{medvigy2009,
  title={Mechanistic scaling of ecosystem function and dynamics in space and time: Ecosystem Demography model version 2},
  author={Medvigy, D and Wofsy, SC and Munger, JW and Hollinger, DY and Moorcroft, PR},
  journal={Journal of Geophysical Research: Biogeosciences (2005--2012)},
  volume={114},
  number={G1},
  year={2009},
  publisher={Wiley Online Library}
}

@article{sanderson2008,
  title={Towards constraining climate sensitivity by linear analysis of feedback patterns in thousands of perturbed-physics GCM simulations},
  author={Sanderson, Benjamin M and Piani, C and Ingram, WJ and Stone, DA and Allen, MR},
  journal={Climate Dynamics},
  volume={30},
  number={2-3},
  pages={175--190},
  year={2008},
  publisher={Springer}
}

@article{bonan2012,
  title={Reconciling leaf physiological traits and canopy flux data: Use of the TRY and FLUXNET databases in the Community Land Model version 4},
  author={Bonan, Gordon B and Oleson, Keith W and Fisher, Rosie A and Lasslop, Gitta and Reichstein, Markus},
  journal={Journal of Geophysical Research: Biogeosciences (2005--2012)},
  volume={117},
  number={G2},
  year={2012},
  publisher={Wiley Online Library}
}

@article{bonan2014,
  title={Modeling stomatal conductance in the earth system: linking leaf water-use efficiency and water transport along the soil--plant--atmosphere continuum},
  author={Bonan, GB and Williams, M and Fisher, RA and Oleson, KW},
  journal={Geoscientific Model Development},
  volume={7},
  number={5},
  pages={2193--2222},
  year={2014},
  publisher={Copernicus GmbH}
}


@article{oleson2013,
  title={Technical description of version 4.5 of the Community Land Model (CLM)},
  author={Oleson, KW et al.},
  journal={Geoscientific Model Development},
  year={2013},
  publisher={Natl. Cent. for Atmos. Res}
}


Oleson, K. W., et al. (2013), , NCAR Tech. Note NCAR/TN-503+STR, pp. 422, Natl. Cent. for Atmos. Res., Boulder, Colo., doi:10.5065/D6RR1W7M.

@article{moorcroft2006,
  title={How close are we to a predictive science of the biosphere?},
  author={Moorcroft, Paul R},
  journal={Trends in Ecology \& Evolution},
  volume={21},
  number={7},
  pages={400--407},
  year={2006},
  publisher={Elsevier}
}
@article{hurrell2013,
  title={The community earth system model: a framework for collaborative research},
  author={Hurrell, James W and Holland, MM and Gent, PR and Ghan, S and Kay, Jennifer E and Kushner, PJ and Lamarque, J-F and Large, WG and Lawrence, D and Lindsay, K and others},
  journal={Bulletin of the American Meteorological Society},
  volume={94},
  number={9},
  pages={1339--1360},
  year={2013},
  publisher={American Meteorological Society}
}

@article{cox2000,
title = {Acceleration of global warming due to carbon-cycle feedbacks in a coupled climate model},
author = {Cox, P. M. and R. A. Betts and C. D. Jones and S. A. Spall and I. J. Totterdell},
journal={Nature},
volume={408},
pages ={184-187},
year={2000}
}

@article{li2012,
  title={A process-based fire parameterization of intermediate complexity in a Dynamic Global Vegetation Model},
  author={Li, F and Zeng, XD and Levis, S},
  journal={Biogeosciences},
  volume={9},
  number={7},
  pages={2761--2780},
  year={2012},
  publisher={Copernicus GmbH}
}
 
@article{li2013,
  title={Quantifying the role of fire in the Earth system--Part 1: Improved global fire modeling in the Community Earth System Model (CESM1)},
  author={Li, F and Levis, S and Ward, DS},
  journal={Biogeosciences},
  volume={10},
  number={4},
  pages={2293--2314},
  year={2013},
  publisher={Copernicus GmbH}
} 

